<?xml version="1.0" encoding="UTF-8"?><collection xmlns="http://www.loc.gov/MARC21/slim"><record><leader>00431nam--2200133-i-4500</leader><controlfield tag="001">000008461</controlfield><controlfield tag="002">20161230</controlfield><controlfield tag="005">20161230201027</controlfield><controlfield tag="008">060222s1000------------r-----000-0-eng-d</controlfield><datafield ind1=" " ind2=" " tag="080"><subfield code="a">621.31</subfield></datafield><datafield ind1=" " ind2=" " tag="100"><subfield code="a">Antoniu, Mihai</subfield></datafield><datafield ind1=" " ind2=" " tag="245"><subfield code="a">Instrumente electrostatice de masurat cu varia tie de tensiune pentru domeniul audio. (rezumatul tezei de doctorat)</subfield></datafield><datafield ind1=" " ind2=" " tag="260"><subfield code="a">Iasi, Inst.Politehnic, Fac. De Electrotehnica, 1968. 32 P</subfield></datafield><datafield ind1=" " ind2=" " tag="852"><subfield code="a">28539</subfield></datafield></record></collection>